@electronic{sbbcalculator2017,
	author="Matthias Tuchschmid",
	title="SBB Ecocalculator",
	year={2011},
	howpublished="Background Report",
	note="Accessed on 2017-11-10",
	url="https://www.sbb.ch/content/dam/sbb/en/pdf/en_sbb-konzern/en_ueber-die-sbb/en_corporate-governance/Hintergrundbericht_e.pdf"
}

